<?xml version="1.0" encoding="UTF-8"?>
<collection xmlns:xsi="http://www.w3.org/2001/XMLSchema-instance" xsi:schemaLocation="http://www.loc.gov/MARC21/slim http://www.loc.gov/standards/marcxml/schema/MARC21slim.xsd" xmlns="http://www.loc.gov/MARC21/slim">
<record>
  <leader>00804cam a2200229 a 4500</leader>
  <controlfield tag="001">3058867</controlfield>
  <controlfield tag="003">NNC</controlfield>
  <controlfield tag="005">20130426014645.0</controlfield>
  <controlfield tag="008">920803s1937    ua            000 0 ara d</controlfield>
  <datafield tag="035" ind1=" " ind2=" ">
    <subfield code="a">(OCoLC)ocm26321730</subfield>
  </datafield>
  <datafield tag="035" ind1=" " ind2=" ">
    <subfield code="9">ATM7474CU</subfield>
  </datafield>
  <datafield tag="035" ind1=" " ind2=" ">
    <subfield code="a">(NNC)3058867</subfield>
  </datafield>
  <datafield tag="040" ind1=" " ind2=" ">
    <subfield code="a">Recon MBB</subfield>
    <subfield code="c">MBB</subfield>
    <subfield code="d">FUG</subfield>
    <subfield code="d">ZCU</subfield>
  </datafield>
  <datafield tag="099" ind1=" " ind2=" ">
    <subfield code="a">893.795</subfield>
    <subfield code="a">T5163</subfield>
  </datafield>
  <datafield tag="100" ind1="1" ind2=" ">
    <subfield code="a">Tirmidhī, Muḥammad ibn ʻĪsá,</subfield>
    <subfield code="d">-892.</subfield>
  </datafield>
  <datafield tag="245" ind1="1" ind2="3">
    <subfield code="a">al-Jāmiʻ al-ṣaḥīḥ wa-huwa Sunan al-Tirmidhī /</subfield>
    <subfield code="c">li-Abī ʻĪsá Muḥammad ibn ʻĪsá ibn Sawrah ; bi-taḥqīq wa-sharḥ Aḥmad Muḥammad Shākir.</subfield>
  </datafield>
  <datafield tag="250" ind1=" " ind2=" ">
    <subfield code="a">[al-Ṭabʻah al-ūlá]</subfield>
  </datafield>
  <datafield tag="260" ind1=" " ind2=" ">
    <subfield code="a">al-Qāhirah :</subfield>
    <subfield code="b">Maṭbuʻah Muṣṭafá al-Bābī,</subfield>
    <subfield code="c">1937.</subfield>
  </datafield>
  <datafield tag="300" ind1=" " ind2=" ">
    <subfield code="a">3 v. ;</subfield>
    <subfield code="c">24 cm.</subfield>
  </datafield>
  <datafield tag="650" ind1=" " ind2="0">
    <subfield code="a">Hadith.</subfield>
  </datafield>
  <datafield tag="700" ind1="1" ind2=" ">
    <subfield code="a">Shākir, Aḥmad Muḥammad.</subfield>
  </datafield>
  <datafield tag="955" ind1=" " ind2=" ">
    <subfield code="b">0026816512</subfield>
    <subfield code="d">glx</subfield>
    <subfield code="e">893.795 T5163</subfield>
    <subfield code="v">v.3</subfield>
  </datafield>
</record>
</collection>